<?xml version="1.0" encoding="UTF-8"?><collection xmlns="http://www.loc.gov/MARC21/slim"><record><leader>00376nam--2200157-i-4500</leader><controlfield tag="001">000007601</controlfield><controlfield tag="002">20161230</controlfield><controlfield tag="005">20170118182249</controlfield><controlfield tag="008">060222s1000------------r-----000-0-eng-d</controlfield><datafield ind1=" " ind2=" " tag="080"><subfield code="a">621.039.577</subfield></datafield><datafield ind1=" " ind2=" " tag="100"><subfield code="a">Benaroya, V</subfield></datafield><datafield ind1=" " ind2=" " tag="245"><subfield code="a">Helium system</subfield></datafield><datafield ind1=" " ind2=" " tag="260"><subfield code="a">California</subfield><subfield code="b">Atomics International</subfield><subfield code="c">1958</subfield></datafield><datafield ind1=" " ind2=" " tag="300"><subfield code="a">p. 10-50</subfield></datafield><datafield ind1=" " ind2=" " tag="852"><subfield code="a">23785</subfield></datafield><datafield ind1=" " ind2=" " tag="CAT"><subfield code="a">SYS</subfield><subfield code="c">20170118</subfield><subfield code="h">182249</subfield></datafield></record></collection>